% --- ENTIRE BIBLOGRAPHY ---

% --- Monographies ---
% -NO PDF available
@book{HarveyBrian04,
publisher = {Springer},
isbn = {1-85233-566-1},
year = {2004},
pages = {349},
title = {China's space program : from conception to manned spaceflight},
language = {eng},
address = {London},
author = {Harvey, Brian},
keywords = {Raumfahrt},
lccn = {2004041731},
keywords = "monographie",
}

% - PDF available:

%https://link.springer.com/book/10.1007%2F978-1-4614-5043-6
@book{HarveyBrian13,
publisher = {Springer New York},
isbn = {1-4614-5043-8},
year = {2013},
pages = {409},
title = {China in space : the great leap forward},
language = {eng},
author = {Harvey, Brian},
keywords = "monographie",
}

%https://link.springer.com/book/10.1007%2F978-1-4419-0880-3
@book{ErikSeedhouse,
publisher = {Berlin, Springer},
year = {2010},
pages = {250},
language = {eng},
isbn = {1-4419-0880-3},
title = {The new space race : China vs. the United States},
author = {Seedhouse, Erik},
keywords = "monographie",
}

%https://link.springer.com/book/10.1007%2F978-1-4614-6690-1
@book{SolomoneStacey,
publisher = {Springer New York},
year = {2013},
pages = {119},
isbn = {978-1-4614-6689-5},
title = {China’s Strategy in Space},
language = {eng},
author = {Solomone, Stacey},
keywords = "monographie",
}

%https://link.springer.com/book/10.1007%2F978-981-10-6737-2
@book{WuJi,
publisher = {Beijing, Science Press},
isbn = {978-981-10-6736-5},
pages = {58},
year = {2017},
title = {Calling Taikong : a strategy report and study of China's future space science missions},
language = {eng},
author = {Wu, Ji},
keywords = "monographie",
}

% --- Articles
@book{BOUZOU17,
title = {La conquête spatiale, instrument de soft power},
author = {Bouzou, Nicolas},
url = {https://www.lexpress.fr/actualite/sciences/la-conquete-spatiale-instrument-de-soft-power_1913083.html},
date = {2017-05-31},
keywords = "article, tiago"
}

@book{DECOURT18,
title = {La Chine précise ses ambitions spatiales pour la Lune},
author = {Decourt, Rémy},
url = {https://www.futura-sciences.com/sciences/actualites/astronautique-chine-precise-ambitions-spatiales-lune-35713},
date = {2019-01-08},
keywords = "article, tiago"
}

@book{SAMPLE13,
title = {US scientists boycott Nasa conference over China ban},
author = {Sample, Ian},
url = {https://www.theguardian.com/science/2013/oct/05/us-scientists-boycott-nasa-china-ban},
date = {2013-08-05},
keywords = "article, tiago"
}

@book{PANTHA05,
title = {Le programme spatial chinois : compétition ou coopération ?},
author = {Panthamakkada Acuthan, Jaya},
note = {Perspectives chinoises, JACQUET, Raphaël (trad), n°92, 2005, pp. 36-47.},
year = {2005},
keywords = "article"
}

@book{SILVER18,
title = {China launches spacecraft to the far side of the Moon},
author = {Silver, Andrew},
url = {https://www.nature.com/articles/d41586-018-07699-x},
date = {2018-12-10},
keywords = "article"
}

@book{DEJEVSKY19,
title = {The space race is back on – and is China in the lead ?},
author = {Dejevsky, Mary},
url = {https://www.theguardian.com/commentisfree/2019/jan/03/space-race-china-change-4-us-russia-moon},
date = {2019-01-03},
keywords = "article, yann, internet"
}

@book{CBS19,
title = {China's moon landing sets stage for space race},
author = {CBS This Morning},
url = {https://www.youtube.com/watch?v=Bn3eHcJmwAY},
date = {2019-01-04},
keywords = "video, yann, internet"
}

@book{CNBC19,
title = {US And China Face Off In The New Global Space Race},
author = {CNBC},
url = {https://www.youtube.com/watch?v=t8rn6Kd5IGU},
date = {2017-03-28},
keywords = "video, yann, internet"
}

@book{DEVLIN19,
title = {Battlefield moon: how China plans to win the lunar space race},
author = {Devlin, Hannah},
url = {https://www.theguardian.com/science/2019/jan/21/china-steps-up-bid-to-win-the-lunar-space-race},
date = {2019-01-21},
keywords = "yann, internet"
}

@book{WHITMAN19,
title = {Will China’s moon landing launch a new space race?},
author = {Whitman Cobbdevlin, Wendy},
url = {http://theconversation.com/will-chinas-moon-landing-launch-a-new-space-race-109359},
date = {2019-01-04},
keywords = "yann, internet"
}

%scène juridique
@book{MANAUGH19,
title = {How Will Police Solve Murders on Mars?},
author = {Manaugh, Geoff},
url = {https://www.theatlantic.com/science/archive/2018/09/mars-pd/569668/},
date = {2018-09-14},
keywords = "yann, internet" %long and not very specific, but interesting.
}

@book{LEPARMENTIER19,
title = {Donald Trump prêt à lancer son armée de l’espace},
author = {Leparmentier, Arnaud},
url = {https://www.letemps.ch/monde/donald-trump-pret-lancer-armee-lespace},
date = {2018-08-12},
keywords = "yann, internet" %good
}

@book{TDG19,
title = {Selon Washington, la Russie et la Chine menacent la paix dans l'espace},
author = {Tribune de Genève},
url = {https://www.tdg.ch/monde/Selon-Washington-la-Russie-et-la-Chine-menacent-la-paix-dans-l-espace/story/30429990},
date = {2019-03-19},
keywords = "yann, internet"
}

@book{24H19,
title = {La Chine, rivale céleste des Etats-Unis},
author = {24 Heures},
url = {https://www.24heures.ch/monde/chine-rivale-celeste-etatsunis/story/13604671},
date = {2019-01-06},
keywords = "yann, internet"
}

@book{YIANNO18,
title = {Inside the epic debate on rethinking our 50-year-old Outer Space Treaty},
author = {Yiannopoulos, Philip},
url = {https://www.fastcompany.com/90240304/inside-the-epic-debate-on-rethinking-our-50-year-old-outer-space-treaty},
date = {2018-09-24},
keywords = "yann, internet" % very nice article
}

@book{UN67,
title = {Traités et principes des Nations Unies relatifs à l'espace extra-atmosphérique},
author = {Nations Unies},
url = {http://www.unoosa.org/pdf/publications/STSPACE11F.pdf},
year = {2002},
keywords = "source, yann, treaty, pdf"
}

@book{WIKI_Treaty,
title = {Outer space treaty},
author = {Wikipedia},
url = {https://en.wikipedia.org/wiki/Outer_Space_Treaty},
note = {consulté le 15 mai 2019},
keywords = "yann, internet, treaty" % FIXME wikipedia
}

% aspect militaire
@book{WIKI_SAT_RECON,
title = {Satellite de reconnaissance},
author = {Wikipedia},
url = {https://fr.wikipedia.org/wiki/Satellite_de_reconnaissance},
note = {consulté le 15 mai 2019},
keywords = "yann, internet, military" 
}

@book{SAT_NUMBER,
title = {Satellites by countries and organizations},
author = {NY2O},
url = {https://www.n2yo.com/satellites/?c=&t=country},
note = {consulté le 15 mai 2019},
keywords = "yann, internet, military" 
}

@book{WIKI_BEIDOU,
title = {BeiDou Navigation Satellite System},
author = {Wikipedia},
url = {https://en.wikipedia.org/wiki/BeiDou_Navigation_Satellite_System},
note = {consulté le 15 mai 2019},
keywords = "yann, internet, military" 
}

@book{KOUNALAKIS18,
title = {The West has long militarized space. China plans to weaponize it. Not good.},
author = {Kounalakis, Markos},
url = {https://www.miamiherald.com/opinion/op-ed/article223636065.html},
date = {2018-12-27},
keywords = "yann, internet, military" 
}

@book{Sheetz19,
title = {China and Russia are militarizing space with ‘energy weapons’ and anti-satellite missiles: Pentagon},
author = {Sheetz Michael, Marcias, Amanda},
url = {https://www.cnbc.com/2019/02/13/pentagon-warns-of-weaponization-of-space-by-china-russia-report.html},
date = {2019-02-13},
keywords = "yann, internet, military"
}

@book{DIA19,
title = {Challenges to security in space},
author = {Defense Intelligence Agency},
url = {https://media.defense.gov/2019/Feb/11/2002088710/-1/-1/1/SPACE-SECURITY-CHALLENGES.PDF},
date = {2019-02-11},
keywords = "yann, source, military, illustration" % very good pdf
}

@book{DEFENSE18,
title = {Military and Security DevelopmentsInvolving the People’s Republic of China 2018},
author = {Office of the Secretary of Defense},
url = {https://media.defense.gov/2018/Aug/16/2001955282/-1/-1/1/2018-CHINA-MILITARY-POWER-REPORT.PDF},
date = {2018-08-16},
keywords = "yann, source, military"
}

% --- TIAGO
@book{WIKI_ESA,
title = {Agence spatiale européenne},
author = {Wikipedia},
url = {https://fr.wikipedia.org/wiki/Agence_spatiale_européenne},
note = {consulté le 19 mai 2019},
keywords = "tiago, internet" % FIXME wikipedia
}

@book{MARTEL03,
title = {Averting a Sino-U.S. Space Race},
author = {William C Martel \& Toshi Yoshihara},
date = {2010-01-07},
keywords = "tiago, article" % FIXME
}

@book{WHITEPAPER2016,
title = {Full text of white paper on China’s space activities in 2016},
author = {Information Office of the State Council},
url = {http://english.gov.cn/archive/white_paper/2016/12/28/content_281475527159496.htm},
date = {2016-12-28},
keywords = "tiago, source"
}

@book{ESA15,
title = {ESA Space Exploration Strategy},
author = {European Space Agency},
url = {https://www.lpi.usra.edu/lunar/strategies/ESA_Exploration_Strategy_2015.pdf},
year = {2015},
keywords = "source"
}


@book{JONES18,
title = {ESA looking at deeper cooperation with China on Moon Village concept, human spaceflight},
author = {Jones Andrew},
url = {https://gbtimes.com/esa-looking-at-deeper-cooperation-with-china-on-moon-village-concept-human-spaceflight},
date = {2018-10-03},
keywords = "tiago, article"
}

% lots of stuff
% \url{https://espi.or.at/publications/espi-executive-briefs/category/5-espi-executive-briefs}

%china whitepaper
%\url{http://www.china.org.cn/government/whitepaper/node\_7245058.html} % sadly seems to be down !

% --- Benno

%http://www.slate.fr/story/168470/chine-espace-programme-spatial-station-lunaire-cnsa
@book{ARTZ18,
title = {Le grand bond vers l'espace de la Chine},
author = {Arzt, Richard},
url = {http://www.slate.fr/story/168470/chine-espace-programme-spatial-station-lunaire-cnsa},
date = {2018-10-14},
keywords = "benno, internet"
}

@book{AOU19,
title = {Blue Origin enregistre un nouveau succès de lancement et d'atterrissage pour New Shepard},
author = {Aoudjhane, Sybille},
date = {2019-05-06},
url = {https://www.usinenouvelle.com/article/en-video-blue-origin-enregistre-un-nouveau-succes-de-lancement-et-d-atterrissage-pour-new-shepard.N839395},
keywords = "benno, internet"
}

%https://www.engineering.com/DesignerEdge/DesignerEdgeArticles/ArticleID/17093/Chinas-Private-Space-Race.aspx
@book{KEANE18,
title = {China’s Private Space Race},
author = {Keane, Phillip},
date = {2018-06-11},
url = {https://www.engineering.com/DesignerEdge/DesignerEdgeArticles/ArticleID/17093/Chinas-Private-Space-Race.aspx},
keywords = "benno, internet"
}


@book{BALU18,
title = {Boeing/SpaceX, la course à l'espace financée par la NASA},
author = {Balu, Matthieu},
date = {2019-03-01},
url = {https://www.huffingtonpost.fr/2019/03/01/boeing-spacex-course-espace_a_23681705/},
keywords = "benno, internet"
}



%+ le livre que j'ai lu la semaine passée
%Space Science \& Technology in China: A Roadmap to 2050 :O %TODO
@book{WuJi2,
publisher = {Beijing, Science Press},
isbn = {978-7-03-025703-1},
pages = {99},
year = {2010},
title = {Space Science \& Technology in China: A Roadmap to 2050},
language = {eng},
author = {Wu, Ji},
keywords = "monographie, benno",
}


%https://www.globalpolicyjournal.com/blog/08/08/2018/private-companies-are-launching-new-space-race-heres-what-expect
@book{GRADY18,
title = {Private Companies are Launching a New Space Race – Here’s What to Expect},
author = {Grady, Monica},
date = {2018-08-08},
url = {https://www.globalpolicyjournal.com/blog/08/08/2018/private-companies-are-launching-new-space-race-heres-what-expect},
keywords = "benno, internet"
}

%https://www.history.com/topics/cold-war/space-race
@book{HISTORY19,
title = {The Space Race},
author = {History.com Editors},
date = {2019-03-29},
url = {https://www.history.com/topics/cold-war/space-race},
keywords = "benno, internet"
}

%https://fr.wikiversity.org/wiki/Course_%C3%A0_l%27espace/Guerre_froide
@book{GFWIKI19,
title = {Course à l'espace : Guerre froide },
author = {Wikiversity},
note = {accédé le 8 mai 2018},
url = {https://fr.wikiversity.org/wiki/Course_à_l'espace/Guerre_froide},
keywords = "benno, internet"
}

%https://www.cnbc.com/2018/10/10/china-increases-investment-in-emerging-private-space-industry.html
@book{SCHEETZ18,
title = {China increases investment in emerging private space industry},
author = {Sheetz, Michael},
date = {2018-10-10},
url = {https://www.cnbc.com/2018/10/10/china-increases-investment-in-emerging-private-space-industry.html},
keywords = "benno, internet"
}

%https://spacenews.com/chinese-startups-onespace-ispace-succeed-with-suborbital-launches/
@book{JONES18,
title = {Chinese startups OneSpace, iSpace succeed with suborbital launches},
author = {Jones, Andrew},
date = {2018-09-07},
url = {https://spacenews.com/chinese-startups-onespace-ispace-succeed-with-suborbital-launches/},
keywords = "benno, internet"
}

% woman in space
%https://www.bbc.com/news/world-asia-china-18636819
@book{BBC12,
title = {China's Shenzhou-9 spacecraft returns to Earth},
author = {Amos, Jonathan},
date = {2012-06-29},
url = {https://www.bbc.com/news/world-asia-china-18636819},
keywords = "yann, internet, bbc"
}

% --- JULIEN
@book{CONGRESS13,
title = {113th Congress Public Law 6},
author = {Congrès des États-Unis},
note = {113th Congress Public Law 6, Sec. 535, 2013},
year = {2013},
url = {https://www.govinfo.gov/content/pkg/PLAW-113publ6/html/PLAW-113publ6.htm},
keywords = "julien, law, internet, whatcategory?" % FIXME
}

@book{STUCKEY18,
title = {Why Chinese astronauts are banned from the International Space Station, NASA activities},
author = {Stuckey, Alex},
date = {2018-02-22},
url = {https://www.chron.com/news/nation-world/space/article/Ever-wonder-why-you-ve-never-seen-a-Chinese-12631096.php},
keywords = "julien, internet" % FIXME
}


@book{DEFENSE18,
title = {Military and Security Developments Involving the People's Republic of China 2018},
author = {Département de la Défense des États-Unis},
date = {2018-08-16},
url = {https://media.defense.gov/2018/Aug/16/2001955282/-1/-1/1/2018-CHINA-MILITARY-POWER-REPORT.PDF},
keywords = "julien, internet" % FIXME
}

@book{EUROCONSULT18,
title = {China Space Industry 2018},
author = {Euroconsult EC},
year = {2018},
url = {http://euroconsult-ec.com/research/China-space-industry-2018-brochure.pdf},
keywords = "julien, internet" % FIXME
}

@book{ATS19,
title = {La Chine ne renoncera pas au recours à la force à Taïwan},
author = {Agence télégraphique Suisse},
date = {2019-01-02},
url = {https://www.letemps.ch/monde/chine-ne-renoncera-recours-force-taiwan},
keywords = "julien, internet" % FIXME
}

@book{COURONNE19,
title = {In space, the US sees a rival in China},
author = {Couronne, Ivan},
date = {2019-01-06},
url = {https://phys.org/news/2019-01-space-rival-china.html},
keywords = "julien, internet" % FIXME
}

@book{GOSWAMI19,
title = {China's Get-Rich Space Program},
author = {Goswami, Namrata},
date = {2019-02-28},
url = {https://thediplomat.com/2019/02/chinas-get-rich-space-program/},
keywords = "julien, internet" % FIXME
}

@book{WIKI_CHINE,
title = {Programme spatial de la Chine},
author = {Wikipédia},
note = {Consulté le 15 mai 2019},
url = {https://fr.wikipedia.org/wiki/Programme_spatial_de_la_Chine},
keywords = "julien, internet"
}

@book{WIKI_ASAT,
title = {2007 Chinese anti-satellite missile test},
author = {Wikipédia},
note = {accédé le 19 mai 2019},
url = {https://en.wikipedia.org/wiki/2007_Chinese_anti-satellite_missile_test},
keywords = "julien, internet"
}


% --- illustrations

% picture source
% http://www.chinadaily.com.cn/china/2013-06/12/content_16609014_2.htm
@book{CHINASAILY13,
title = {First Dragon Boat Festival in space},
author = {Xin, Dingding},
date = {2013-06-12},
url = {http://www.chinadaily.com.cn/china/2013-06/12/content_16609014_2.htm},
keywords = "yann, illustration"
}

% title source
@book{POPSCI13,
title = {China's Race To Space Domination},
author = {Dillow, Clay},
date = {2016-09-20},
url = {https://www.popsci.com/chinas-race-to-space-domination},
keywords = "yann, illustration"
}


%\item SEEDHOUSE, Erik, \textit{The new space race: China vs. the United States}, Berlin, Springer, 2010, 250 p.
% pdf: https://link.springer.com/book/10.1007%2F978-1-4419-0880-3

%\item SOLOMONE, Stacey, \textit{China’s Strategy in Space.}, New York, Springer, 2013, 119 p.
% pdf: https://link.springer.com/book/10.1007%2F978-1-4614-6690-1
